@book{lamport1994latex,
  title={{LATEX}: a document preparation system: user's guide and reference manual},
  author={Lamport, Leslie},
  year={1994},
  publisher={Addison-wesley}
}

@online{uor_refernce_style,
    author = {{University of Reading}},
    title = {Styles of referencing: Guidance on citing references for students at the University of Reading},
    year = {2019},
    url = {https://libguides.reading.ac.uk/citing-references/referencingstyles},
    note = {(accessed October 26, 2019)}
}

@online{uor_plagiarism,
    author = {{University of Reading}},
    title = {Avoiding unintentional plagiarism: Guidance on citing references for students at the University of Reading: Styles of referencing},
    year = {2019},
    url = {https://libguides.reading.ac.uk/citing-references/avoidingplagiarism},
    note = {(accessed October 26, 2019)}
}

@article{port-forwarding,
    author = {Natalie Goguen},
    title = {Port Forwarding Explained: The Ultimate Guide to How It Works and Why You Need It},
    journal = {No-IP Blog},
    year = {2023}
}

@article{multiplayer-networking,
  title={Aspects of networking in multiplayer computer games},
  author={Smed, Jouni and Kaukoranta, Timo and Hakonen, Harri},
  journal={The Electronic Library},
  volume={20},
  number={2},
  pages={87--97},
  year={2002},
  publisher={MCB UP Ltd}
}

@book{network-architecting,
  title={Multiplayer game programming: Architecting networked games},
  author={Glazer, Josh and Madhav, Sanjay},
  year={2015},
  publisher={Addison-Wesley Professional}
}

@article{issues-socialComputing,
  title={Research issues in social computing},
  author={Parameswaran, Manoj and Whinston, Andrew B},
  journal={Journal of the Association for Information Systems},
  volume={8},
  number={6},
  pages={22},
  year={2007}
}

@article{develop-unity,
  title={Developing an online multiplayer game in Unity},
  author={Tikhomirov, Alexander},
  year={2023}
}